% Encoding: UTF-8
@article{Creeger2009,
  author  = {Creeger, Mache},
  journal = {Communications of the ACM},
  number  = {8},
  pages   = {50--56},
  title   = {{CTO Roundtable: Cloud Computing}},
  volume  = {52},
  year    = {2009}
}

@book{Knuth1998,
  author    = {Knuth, Donald E.},
  title     = {The art of computer programming,  volume 3: (2nd ed.) sorting and searching},
  year      = {1998},
  publisher = {Addison Wesley Longman Publishing Co., Inc.},
  address   = {Redwood City, CA, USA}
}

@book{Pollefliet2011,
  author    = {Pollefliet, Leen},
  title     = {Schrijven van verslag tot eindwerk: do's en don'ts},
  year      = {2011},
  publisher = {Academia Press},
  address   = {Gent}
}

@misc{rfc6749,
  series       = {Request for Comments},
  number       = 6749,
  howpublished = {RFC 6749},
  publisher    = {RFC Editor},
  doi          = {10.17487/RFC6749},
  url          = {https://www.rfc-editor.org/info/rfc6749},
  author       = {Dick Hardt},
  title        = {{The OAuth 2.0 Authorization Framework}},
  pagetotal    = 76,
  year         = 2012,
  month        = oct,
  abstract     = {The OAuth 2.0 authorization framework enables a third-party application to obtain limited access to an HTTP service, either on behalf of a resource owner by orchestrating an approval interaction between the resource owner and the HTTP service, or by allowing the third-party application to obtain access on its own behalf. This specification replaces and obsoletes the OAuth 1.0 protocol described in RFC 5849. {[}STANDARDS-TRACK{]}}
}


@Comment{jabref-meta: databaseType:biblatex;}
